@book{cengel,
    author    = "Yunus A. Cengel and John M. Cimbala",
    year      = "2006",
    title     = "Hidráulica General",
    edition   = "1",
    publisher = "McGRAW-HILL INTERAMERICANA EDITORES, S.A",
    country   = "México"
}

@misc{coleparmer,
    author    = "Cole-Parmer",
    year      = "2018",
    title     = "Heavy Duty Differential Manometer",
    url       = "https://www.coleparmer.com"
}

@manual{goulds,
    author    = "GOULDS Water Technology",
    year      = "2013",
    title     = "GT IRRI-GATOR",
    publisher = "Xylem Inc.", 
    }

@article{torfs,
    author    = "Paul Torfs and Claudia Brauer",
    year      = "2014",
    title     = "A (very) short introduction to R",
    publisher = "Wageningen University",
    country   = "The Netherlands",
    }

@online{marcano,
    author    = "Rubén Marcano",
    year      = "2013",
    title     = "Viscosidad: Ley de Newton.",
    URL       = "http://marcanord.files.wordpress.com/2013/01/viscosidad-rdmc.pdf",
    address   = "Vienna, Austria"
}
